@BOOK{messirbook,
  title = {{Messir: A Scientific Methods for the Sofware Engineer}},
  publisher = {publisher to be defined},
  year = {2015},
  author = {Nicolas Guelfi},
  owner = {nicolas.guelfi},
  timestamp = {2012.12.09}
}

@BOOK{excaliburbook,
  title = {{Excalibur - Design and Implementation of an Eclipse CASE tool or the Messir Method
}},
  publisher = {publisher to be defined},
  year = {2015},
  author = {Alfredo Capozucca and Benoit Ries},
  timestamp = {2012.12.09}
}



