@misc{scenebuilder,
  title = {{JavaFX} Scene Builder},
  howpublished = {\url{http://gluonhq.com/open-source/scene-builder/}},
  note = {Web. Accessed: 2015-04-01}
}


@misc{eclipse,
  title = {{Eclipse} project},
  howpublished = {\url{https://eclipse.org/}},
  note = {Web. Accessed: 2015-04-01}
}

@misc{eclipseIDE4JavaDev,
  title = {{Eclipse} IDE for Java Developers},
  howpublished = {\url{https://www.eclipse.org/downloads/packages/eclipse-ide-java-developers/marsr}},
  note = {Web. Accessed: 2015-08-21}
}


@misc{efxclipse,
  title = {{e(fx)clipse} JavaFX Tooling and Runtime for Eclipse and OSGi},
  howpublished = {\url{http://www.eclipse.org/efxclipse/index.html}},
  note = {Web. Accessed: 2015-04-01}
}

@misc{javafx,
  title = {{JavaFX} API documentation},
  howpublished = {\url{http://docs.oracle.com/javase/8/javafx/api/toc.htm}},
  note = {Web. Accessed: 2015-04-03}
}

@misc{mysql,
  title = {{MySQL} Open Source database},
  howpublished = {\url{https://www.mysql.com/}},
  note = {Web. Accessed: 2015-04-03}
}


@misc{rmi,
  title = {{Remote} Method Invocation},
  howpublished = {\url{http://www.oracle.com/technetwork/java/javase/tech/index-jsp-136424.html}},
  note = {Web. Accessed: 2015-04-14}
}



@misc{svn,
  title = {{Apache} Subversion},
  howpublished = {\url{https://subversion.apache.org/}},
  note = {Web. Accessed: 2015-04-14}
}



@misc{umlDesigner,
  title = {{UML} Designer},
  howpublished = {\url{http://www.umldesigner.org/}},
  note = {Web. Accessed: 2015-04-14}
}


@misc{virtualbox,
  title = {{ORACLE} VirtualBox},
  howpublished = {\url{https://www.virtualbox.org/}},
  note = {Web. Accessed: 2015-04-14}
}

@misc{vagrant,
  title = {{Vagrant} virtual machine administration},
  howpublished = {\url{https://www.vagrantup.com/}},
  note = {Web. Accessed: 2015-09-03}
}

@misc{jubula,
  title = {{Jubula} Functional Testing Tool},
  howpublished = {\url{https://www.eclipse.org/jubula/}},
  note = {Web. Accessed: 2015-08-21}
}

@misc{jubulaSprint,
   title = {{Jubula} Sprint Versions},
   howpublished = {\url{http://testing.bredex.de/jubula-beta-releases.html}},
   note = {Web. Accessed: 2015-08-21}
}
   
@misc{jAutoDoc,
   title = {{JAutoDoc} Java Documentation Generation},
   howpublished = {\url{http://marketplace.eclipse.org/content/jautodoc}},
   note = {Web. Accessed: 2015-08-21}
}

@misc{Cygwin,
	title = {Cygwin},
	howpublished = {\url{https://www.cygwin.com/}},
	note = {Web. Accessed: 2015/09/04}
}

@book{SommervilleSE,
  abstract = {The book presents a broad perspective on software systems engineering, concentrating on widely used techniques for developing large-scale systems. Building on the widely acclaimed strengths of the 8th edition, the 9th edition updates readers with the latest developments in the field while remaining the most current Software Engineering text in the market with quality trusted coverage and practical case studies. This text is structured into 6 parts: Introduction; Requirements Engineering; Design; Software Development; Verification and Validation; Management. An up-to-date reference for software engineers.},
  added-at = {2012-05-30T11:07:40.000+0200},
  address = {Harlow, England},
  author = {Sommerville, Ian},
  biburl = {http://www.bibsonomy.org/bibtex/2094b37a4bb8b242d7694cdc9142e0d80/flint63},
  edition = 9,
  file = {Amazon Search inside:http\://www.amazon.de/gp/reader/0137035152/:URL;Google Books:http\://books.google.de/books?isbn=978-0-13-703515-1:URL},
  groups = {public},
  interhash = {3cb472cdd9d5e4f37480b38846de450e},
  intrahash = {094b37a4bb8b242d7694cdc9142e0d80},
  isbn = {978-0-13-703515-1},
  keywords = {v1205 book software engineering},
  publisher = {Addison-Wesley},
  timestamp = {2012-05-30T11:07:40.000+0200},
  title = {Software Engineering},
  username = {flint63},
  year = 2010
}

@book{Page-Jones:2000:FOD,
 author = {Page-Jones, Meilir},
 title = {Fundamentals of Object-oriented Design in UML},
 year = {2000},
 isbn = {0-201-69946-X},
 publisher = {Addison-Wesley Longman Publishing Co., Inc.},
 address = {Boston, MA, USA},
}


@ARTICLE{IEEE-2001-userdocumentation,
author = {IEEE},
journal={{IEEE Std 1063-2001}},
title={{IEEE Standard for Software User Documentation}},
year={2001},
pages={1-24},
keywords={IEEE standards;system documentation;IEEE standard;electronic documents;format;information content;online help;printed documents;software user documentation;structure;user manual;work environment;Documentation;online help;software user documentation;user manual},
doi={10.1109/IEEESTD.2001.93368},
month={Dec},} 







